%% This BibTeX bibliography file was created using BibDesk.
%% http://bibdesk.sourceforge.net/

%% Created for Jos√© Luis Vilchis Medina at 2018-09-27 13:52:14 +0200 


%% Saved with string encoding Unicode (UTF-8) 

@inproceedings{medina2019,
  title={An Implementation of a Nonmonotonic Logic in an Embedded Computer for a Motor-glider},
  author={Jos{\'e} Luis Vilchis Medina and Pierre Siegel and Vincent Risch and Andrei Doncescu},
  booktitle={35th International Conference on Logic Programming (ICLP)},
  year={2019},
  organization={Accepted}
}
@inproceedings{medina2018intelligent,
  title={Intelligent and Adaptive System based on a Non-monotonic Logic for an Autonomous Motor-glider},
  author={Medina, Jos{\'e} Luis Vilchis and Siegel, Pierre and Risch, Vincent and Doncescu, Andrei},
  booktitle={2018 15th International Conference on Control, Automation, Robotics and Vision (ICARCV)},
  pages={442--447},
  year={2018},
  organization={IEEE}
}
@article{vmsd18,
	Author = {Jos{\'e} Luis Vilchis Medina and Pierre Siegel and Andrei Doncescu},
	Journal = {Journ{\'e}es d'Intelligence Artificielle Fondamentale},
	Pages = {6},
	Title = {Non-monotonie et Resilience: Application au Pilotage d'un Motor-planeur Autonome},
	Volume = {12},
	Year = {2018}
}
@inproceedings{medina2017pilotage,
	Author = {Medina, Jos{\'e}-Luis Vilchis and Siegel, Pierre and Doncescu, Andrei},
	Booktitle = {Journ{\'e}es Francophones sur la Planification, la D{\'e}cision et l'Apprentissage pour la conduite de syst{\`e}mes (JFPDA 2017)},
	Title = {Pilotage stable d'un planeur en utilisant une logique non monotone},
	Year = {2017}
}
@inproceedings{medina2017autonomous,
	Author = {Medina, Vilchis and Siegel, Pierre and Doncescu, Andrei},
	Booktitle = {3rd International Conference on Vehicle Technology and Intelligent Transport Systems (VEHITS)},
	Pages = {6p},
	Title = {Autonomous Aerial Vehicle Based on Non-Monotonic Logic},
	Year = {2017}
}