%% This BibTeX bibliography file was created using BibDesk.
%% http://bibdesk.sourceforge.net/

%% Created for José Luis Vilchis Medina at 2018-09-27 13:52:14 +0200 


%% Saved with string encoding Unicode (UTF-8) 

@article{vilchis24,
    title={Building Intelligent Databases through Similarity: Interaction of
        Logical and Qualitative Reasoning (to appear)},
    author={Vilchis-Medina, Jos{\'e}-Luis},
    Journal={The 7th International Conference on Algorithms, Computing and Artificial Intelligence (ACAI), 2024},
    Year={2024}
}

@article{vilchis22,
    title={Evaluation and Identification of Properties in a Set of Information through
    Qualitative and Non-monotonic Reasoning},
    author={Vilchis-Medina, Jos{\'e}-Luis},
	Journal = {The 6th International Conference on Computer Science and Artificial Intelligence (CSAI, abstract only)},
	Year = {2022}
}
@article{vilchis2021autonomous,
  title={Autonomous Decision-Making With Incomplete Information and Safety Rules Based on Non-Monotonic Reasoning},
  author={Vilchis-Medina, Jos{\'e}-Luis and Godary-D{\'e}jean, Karen and Lesire, Charles},
  journal={IEEE Robotics and Automation Letters},
  volume={6},
  number={4},
  pages={8357--8362},
  year={2021},
  publisher={IEEE}
}

@article{medinaresilient,
    title={A Resilient Behavior Approach Based on Non-monotonic Logic},
    author={Medina, Jos{\'e} Luis Vilchis and Siegel, Pierre and Risch, 
        Vincent and Doncescu, Andrei},
	Journal = {Journ{\'e}es d'Intelligence Artificielle Fondamentale},
    pages={16},
	Year = {2020}
}
@inproceedings{medina2019resilient,
  title={A Resilient Behavior Approach Based on Non-monotonic Logic},
  author={Medina, Jos{\'e} Luis Vilchis and Siegel, Pierre and Risch, Vincent and Doncescu, Andrei},
  booktitle={Mexican International Conference on Artificial Intelligence},
  pages={403--413},
  year={2019},
  organization={Springer}
}
@inproceedings{medina2019,
  title={An Implementation of a Nonmonotonic Logic in an Embedded Computer for a Motor-glider},
  author={Jos{\'e} Luis Vilchis Medina and Pierre Siegel and Vincent Risch and Andrei Doncescu},
  booktitle={35th International Conference on Logic Programming (ICLP)},
  year={2019},
  organization={Accepted}
}
@inproceedings{medina2018intelligent,
  title={Intelligent and Adaptive System based on a Non-monotonic Logic for an Autonomous Motor-glider},
  author={Medina, Jos{\'e} Luis Vilchis and Siegel, Pierre and Risch, Vincent and Doncescu, Andrei},
  booktitle={2018 15th International Conference on Control, Automation, Robotics and Vision (ICARCV)},
  pages={442--447},
  year={2018},
  organization={IEEE}
}
@article{vmsd18,
	Author = {Jos{\'e} Luis Vilchis Medina and Pierre Siegel and Andrei Doncescu},
	Journal = {Journ{\'e}es d'Intelligence Artificielle Fondamentale},
	Pages = {6},
	Title = {Non-monotonie et Resilience: Application au Pilotage d'un Motor-planeur Autonome},
	Volume = {12},
	Year = {2018}
}
@inproceedings{medina2017pilotage,
	Author = {Medina, Jos{\'e}-Luis Vilchis and Siegel, Pierre and Doncescu, Andrei},
	Booktitle = {Journ{\'e}es Francophones sur la Planification, la D{\'e}cision et l'Apprentissage pour la conduite de syst{\`e}mes (JFPDA 2017)},
    title={Contr{\^o}le de Vol d’un Planeur Bas{\'e} sur une Logique Non-monotone},    
	Year = {2017}
}
@inproceedings{medina2017autonomous,
	Author = {Medina, Vilchis and Siegel, Pierre and Doncescu, Andrei},
	Booktitle = {3rd International Conference on Vehicle Technology and Intelligent Transport Systems (VEHITS)},
	Pages = {6p},
	Title = {Autonomous Aerial Vehicle Based on Non-Monotonic Logic},
    Year = {2017}
}
