%% This BibTeX bibliography file was created using BibDesk.
%% http://bibdesk.sourceforge.net/

%% Created for José Luis Vilchis Medina at 2018-09-27 13:52:14 +0200 

%% https://en.wikibooks.org/wiki/LaTeX/Bibliography_Management

%% Saved with string encoding Unicode (UTF-8) 

@article{vilchis25c,
    title={ORONER: An Ontology for Representing interOrganizational NEtworks Resilience. A Building Block Towards Adaptive Network Reconfiguration},
    author={Marisnel Olivares and Ayoub Laouni and José-Luis Vilchis Medina and Eric Saux},
    journal={Knowledge-Based Systems (under review)},
    year={2025},
    publisher={Elsevier},
    keywords={Ontology,KRR}
}

@inproceedings{vilchis25b,
    title={Un cadre paraconsistant pour l'évaluation de similarité dans les bases de connaissances},
    author={José-Luis Vilchis-Medina},
    booktitle={Journées d'Intelligence Artificielle Fondamentale (JIAF)
        (Accepted)},
    year={2025},
    keywords={Logic,Similarity,NMR}
}

@inproceedings{vilchis25,
    title={Dynamic Swarming Autonomous Underwater Vehicles through Behavioral Rules using Declarative Programming},
    author={José-Luis Vilchis-Medina and Benoit Zerr},
    booktitle={OCEANS (Accepted)},
    year={2025},
    publisher={IEEE},
    keywords={Prolog,Robotics,Simulation,world}
}

@inproceedings{vilchis24,
    title={Building Intelligent Databases through Similarity: Interaction of
        Logical and Qualitative Reasoning},
    author={Vilchis-Medina, José-Luis},
    booktitle={The 7th International Conference on Algorithms, Computing and Artificial Intelligence (ACAI)},
    year={2024},
    keywords = {Logic,Databases,Similarity,ieee},
    doi={10.1109/ACAI63924.2024.10899649}
}

@inproceedings{vilchis22,
    title={Evaluation and Identification of Properties in a Set of Information through
    Qualitative and Non-monotonic Reasoning},
    author={Vilchis-Medina, José-Luis},
	booktitle = {The 6th International Conference on Computer Science and Artificial Intelligence (CSAI, abstract only)},
	year = {2022},
    note = {preprint},
    keywords = {Qualitative Reasoning,Information,NMR,world},
}
@article{vilchis2021autonomous,
  title={Autonomous Decision-Making With Incomplete Information and Safety Rules Based on Non-Monotonic Reasoning},
  author={Vilchis-Medina, José-Luis and Godary-Déjean, Karen and Lesire, Charles},
  journal={IEEE Robotics and Automation Letters},
  volume={6},
  number={4},
  pages={8357--8362},
  year={2021},
  publisher={IEEE},
  keywords = {NMR, Incomplete Information, Robotics},
    doi={10.1109/lra.2021.3103048}
}

@inproceedings{medinaresilient,
    title={A Resilient Behavior Approach Based on Non-monotonic Logic},
    author={Vilchis-Medina, José-Luis and Siegel, Pierre and Risch, 
        Vincent and Doncescu, Andrei},
	booktitle = {Journées d'Intelligence Artificielle Fondamentale (JIAF)},
    pages={16},
	year = {2020},
    keywords = {NMR, Resilience, Logic},
}
@inproceedings{medina2019resilient,
  title={A Resilient Behavior Approach Based on Non-monotonic Logic},
  author={Vilchis-Medina, José-Luis and Siegel, Pierre and Risch, Vincent and Doncescu, Andrei},
  booktitle={Mexican International Conference on Artificial Intelligence (MICAI)},
  pages={403--413},
  year={2019},
  organization={Springer},
  keywords = {NMR, Resilience, Logic,world},
    doi={10.1007/978-3-030-33749-0_32}
}

@inproceedings{medina2019,
  title={An Implementation of a Nonmonotonic Logic in an Embedded Computer for a Motor-glider},
  author={José-Luis Vilchis-Medina and Pierre Siegel and Vincent Risch and Andrei Doncescu},
  booktitle={The 35th International Conference on Logic Programming (ICLP)},
  year={2019},
  keywords = {NMR, Embedded System, Robotics,world},
    doi={10.4204/eptcs.306.37}
}

@inproceedings{medina2018intelligent,
  title={Intelligent and Adaptive System based on a Non-monotonic Logic for an Autonomous Motor-glider},
  author={Vilchis-Medina, José-Luis and Siegel, Pierre and Risch, Vincent and Doncescu, Andrei},
  booktitle={The 15th International Conference on Control, Automation, Robotics and Vision (ICARCV)},
  pages={442--447},
  year={2018},
  organization={IEEE},
  keywords = {NMR, Robotics, Adaptative System,world},
    doi={10.1109/icarcv.2018.8581107}
}

@inproceedings{vmsd18,
	author = {José-Luis Vilchis-Medina and Pierre Siegel and Andrei Doncescu},
	booktitle = {Journées d'Intelligence Artificielle Fondamentale (JIAF)},
	pages = {6},
	title = {Non-monotonie et Resilience: Application au Pilotage d'un Motor-planeur Autonome},
	volume = {12},
	year = {2018},
    keywords = {NMR, Resilience, Robotics},
}

@inproceedings{medina2017pilotage,
	author = {Vilchis-Medina, José-Luis and Siegel, Pierre and Doncescu, Andrei},
	booktitle = {Journées Francophones sur la Planification, la Décision et
        l'Apprentissage pour la conduite de systèmes (JFPDA 2017)},
    title={Contrôle de Vol d’un Planeur Basé sur une Logique Non-monotone},    
	year = {2017},
    keywords = {NMR, Robotics, Control},
}

@inproceedings{medina2017autonomous,
	author = {Vilchis-Medina, José-Luis and Siegel, Pierre and Doncescu, Andrei},
	booktitle = {3rd International Conference on Vehicle Technology and Intelligent Transport Systems (VEHITS)},
	pages = {6p},
	title = {Autonomous Aerial Vehicle Based on Non-Monotonic Logic},
    year = {2017},
    keywords = {NMR, Robotics, Logic,world},
    doi={10.5220/0006304002360241}
}
